@inproceedings{adiga2010boxicity,
  title={Boxicity and poset dimension},
  author={Adiga, Abhijin and Bhowmick, Diptendu and Chandran, L Sunil},
  booktitle={International Computing and Combinatorics Conference},
  pages={3--12},
  year={2010},
  organization={Springer Berlin Heidelberg Berlin, Heidelberg}
}

@article{adiga2009cubicity,
  title={Cubicity of threshold graphs},
  author={Adiga, Abhijin},
  journal={Discrete mathematics},
  volume={309},
  number={8},
  pages={2535--2537},
  year={2009},
  publisher={North-Holland}
}

@article{adiga2009cubicity,
  title={Cubicity of interval graphs and the claw number},
  author={Adiga, Abhijin and Chandran, L Sunil},
  journal={Electronic Notes in Discrete Mathematics},
  volume={34},
  pages={471--475},
  year={2009},
  publisher={Elsevier}
}

@article{adiga2009hardness,
  title={The hardness of approximating the threshold dimension, boxicity and cubicity of a graph},
  author={Adiga, Abhijin and Bhowmick, Diptendu and Chandran, L Sunil},
  journal={arXiv preprint arXiv:0903.1010},
  year={2009}
}

@article{adiga2010hardness,
  title={The hardness of approximating the boxicity, cubicity and threshold dimension of a graph},
  author={Adiga, Abhijin and Bhowmick, Diptendu and Chandran, L Sunil},
  journal={Discrete applied mathematics},
  volume={158},
  number={16},
  pages={1719--1726},
  year={2010},
  publisher={North-Holland}
}

@inproceedings{adiga2010parameterized,
  title={Parameterized algorithms for boxicity},
  author={Adiga, Abhijin and Chitnis, Rajesh and Saurabh, Saket},
  booktitle={International Symposium on Algorithms and Computation},
  pages={366--377},
  year={2010},
  organization={Springer Berlin Heidelberg Berlin, Heidelberg}
}

@article{adiga2014lower,
  title={Lower bounds for boxicity},
  author={Adiga, Abhijin and Chandran, L Sunil and Sivadasan, Naveen},
  journal={Combinatorica},
  volume={34},
  pages={631--655},
  year={2014},
  publisher={Springer Berlin Heidelberg}
}

@article{adiga2014constant,
  title={A constant factor approximation algorithm for boxicity of circular arc graphs},
  author={Adiga, Abhijin and Babu, Jasine and Chandran, L Sunil},
  journal={Discrete Applied Mathematics},
  volume={178},
  pages={1--18},
  year={2014},
  publisher={North-Holland}
}

@article{adiga2014cubicity,
  title={Cubicity, degeneracy, and crossing number},
  author={Adiga, Abhijin and Chandran, L Sunil and Mathew, Rogers},
  journal={European Journal of Combinatorics},
  volume={35},
  pages={2--12},
  year={2014},
  publisher={Academic Press}
}

@article{adiga2010cubicity,
  title={Cubicity of interval graphs and the claw number},
  author={Adiga, Abhijin and Chandran, L Sunil},
  journal={Journal of Graph Theory},
  volume={65},
  number={4},
  pages={323--333},
  year={2010},
  publisher={Wiley Subscription Services, Inc., A Wiley Company Hoboken}
}

@article{adiga2014representing,
  title={Representing a cubic graph as the intersection graph of axis-parallel boxes in three dimensions},
  author={Adiga, Abhijin and Chandran, L Sunil},
  journal={SIAM Journal on Discrete Mathematics},
  volume={28},
  number={3},
  pages={1515--1539},
  year={2014},
  publisher={Society for Industrial and Applied Mathematics}
}

@article{adiga2011boxicity,
  title={Boxicity and poset dimension},
  author={Adiga, Abhijin and Bhowmick, Diptendu and Chandran, L Sunil},
  journal={SIAM Journal on Discrete Mathematics},
  volume={25},
  number={4},
  pages={1687--1698},
  year={2011},
  publisher={Society for Industrial and Applied Mathematics}
}

@article{adiga2012parameterized,
  title={Parameterized and Approximation Algorithms for Boxicity},
  author={Adiga, Abhijin and Babu, Jasine and Chandran, L Sunil},
  journal={arXiv preprint arXiv:1201.5958},
  year={2012}
}

@inproceedings{adiga2003design,
  title={A design and implementation of orthonormal symmetric wavelet transform using PRCC filter banks},
  author={Adiga, Abhijin and Ramakrishnan, Kalpathi R and Adiga, BS},
  booktitle={2003 IEEE International Conference on Acoustics, Speech, and Signal Processing, 2003. Proceedings.(ICASSP'03).},
  volume={6},
  pages={VI--513},
  year={2003},
  organization={IEEE}
}

@inproceedings{adiga2012polynomial,
  title={Polynomial time and parameterized approximation algorithms for boxicity},
  author={Adiga, Abhijin and Babu, Jasine and Chandran, L Sunil},
  booktitle={International Symposium on Parameterized and Exact Computation},
  pages={135--146},
  year={2012},
  organization={Springer Berlin Heidelberg Berlin, Heidelberg}
}

@inproceedings{adiga2013route,
  title={Route stability in large-scale transportation models},
  author={Adiga, Abhij  // i\kern -.15em jin and Mortveit, Henning S and Wu, Sichao},
  booktitle={Proceedings of the workshop on multiagent interaction networks (main 2013), held in conjunction with aamas},
  year={2013}
}

@article{adiga2014sensitivity,
  title={Sensitivity of diffusion dynamics to network uncertainty},
  author={Adiga, Abhijin and Kuhlman, Chris J and Mortveit, Henning S and Vullikanti, Anil Kumar S},
  journal={Journal of Artificial Intelligence Research},
  volume={51},
  pages={207--226},
  year={2014}
}

@inproceedings{adiga2013robust,
  title={How robust is the core of a network?},
  author={Adiga, Abhijin and Vullikanti, Anil Kumar S},
  booktitle={Machine Learning and Knowledge Discovery in Databases: European Conference, ECML PKDD 2013, Prague, Czech Republic, September 23-27, 2013, Proceedings, Part I 13},
  pages={541--556},
  year={2013},
  organization={Springer Berlin Heidelberg}
}

@inproceedings{adiga2013modeling,
  title={Modeling urban transportation in the aftermath of a nuclear disaster: The role of human behavioral responses},
  author={Adiga, Abhijin and Marathe, Madhav and Mortveit, Henning and Wu, Sichao and Swarup, Samarth},
  booktitle={The Conference on Agent-Based Modeling in Transportation Planning and Operations, Blacksburg, VA},
  volume={30},
  year={2013}
}

@inproceedings{adiga2013subgraph,
  title={Subgraph enumeration in dynamic graphs},
  author={Adiga, Abhijin and Vullikanti, Anil Kumar S and Wiggins, Dante},
  booktitle={2013 IEEE 13th International Conference on Data Mining},
  pages={11--20},
  year={2013},
  organization={IEEE}
}

@phdthesis{adiga2013dimensional,
  title={On Dimensional Parameters of Graphs and Posets},
  author={Adiga, Abhijin},
  year={2013},
  school={G24440}
}

@article{wu2014limit,
  title={Limit cycle structure for dynamic bi-threshold systems},
  author={Wu, Sichao and Adiga, Abhijin and Mortveit, Henning S},
  journal={Theoretical Computer Science},
  volume={559},
  pages={34--41},
  year={2014},
  publisher={Elsevier}
}

@inproceedings{saha2014equilibria,
  title={Equilibria in epidemic containment games},
  author={Saha, Sudip and Adiga, Abhijin and Vullikanti, Anil},
  booktitle={Proceedings of the AAAI Conference on Artificial Intelligence},
  volume={28},
  number={1},
  year={2014}
}

@inproceedings{saha2015approximation,
  title={Approximation algorithms for reducing the spectral radius to control epidemic spread},
  author={Saha, Sudip and Adiga, Abhijin and Prakash, B Aditya and Vullikanti, Anil Kumar S},
  booktitle={Proceedings of the 2015 SIAM International Conference on Data Mining},
  pages={568--576},
  year={2015},
  organization={Society for Industrial and Applied Mathematics}
}

@article{adiga2018sublinear,
  title={Sublinear approximation algorithms for boxicity and related problems},
  author={Adiga, Abhijin and Babu, Jasine and Chandran, L Sunil},
  journal={Discrete Applied Mathematics},
  volume={236},
  pages={7--22},
  year={2018},
  publisher={North-Holland}
}

@inproceedings{adiga2015effect,
  title={Effect of graph structure on the limit sets of threshold dynamical systems},
  author={Adiga, Abhijin and Kuhlman, Chris J and Mortveit, Henning S and Wu, Sichao},
  booktitle={Cellular Automata and Discrete Complex Systems: 21st IFIP WG 1.5 International Workshop, AUTOMATA 2015, Turku, Finland, June 8-10, 2015. Proceedings 21},
  pages={59--70},
  year={2015},
  organization={Springer Berlin Heidelberg}
}

@inproceedings{adiga2015network,
  title={Network structure and activity in Boolean networks},
  author={Adiga, Abhijin and Galyean, Hilton and Kuhlman, Chris J and Levet, Michael and Mortveit, Henning S and Wu, Sichao},
  booktitle={Cellular Automata and Discrete Complex Systems: 21st IFIP WG 1.5 International Workshop, AUTOMATA 2015, Turku, Finland, June 8-10, 2015. Proceedings 21},
  pages={210--223},
  year={2015},
  organization={Springer Berlin Heidelberg}
}

@inproceedings{adiga2015complexity,
  title={Complexity of inferring local transition functions of discrete dynamical systems},
  author={Adiga, Abhijin and Kuhlman, Chris J and Marathe, Madhav V and Ravi, SS and Rosenkrantz, Daniel J and Stearns, Richard E},
  booktitle={Implementation and Application of Automata: 20th International Conference, CIAA 2015, Ume{\aa}, Sweden, August 18-21, 2015, Proceedings 20},
  pages={21--34},
  year={2015},
  organization={Springer International Publishing}
}

@inproceedings{zhang2015controlling,
  title={Controlling propagation at group scale on networks},
  author={Zhang, Yao and Adiga, Abhijin and Vullikanti, Anil and Prakash, B Aditya},
  booktitle={2015 IEEE International Conference on Data Mining},
  pages={619--628},
  year={2015},
  organization={IEEE}
}

@article{adigacan,
  title={Can social distancing compensate for the unvaccinated?},
  author={Adiga, Abhijin and Chu, Shuyu and Marathe, Achla and Vullikanti, Anil}
}

@inproceedings{adiga2016temporal,
  title={Temporal vaccination games under resource constraints},
  author={Adiga, Abhijin and Vullikanti, Anil},
  booktitle={Proceedings of the AAAI Conference on Artificial Intelligence},
  volume={30},
  number={1},
  year={2016}
}

@inproceedings{adiga2012representing,
  title={Representing a cubic graph as the intersection graph of axis-parallel boxes in three dimensions},
  author={Adiga, Abhijin and Chandran, Sunil L},
  booktitle={Proceedings of the twenty-eighth annual symposium on Computational geometry},
  pages={387--396},
  year={2012}
}

@inproceedings{adiga2016delay,
  title={To delay or not: temporal vaccination games on networks},
  author={Adiga, Abhijin and Venkat, Srini and Vullikanti, Anil},
  booktitle={IEEE INFOCOM 2016-The 35th Annual IEEE International Conference on Computer Communications},
  pages={1--9},
  year={2016},
  organization={IEEE}
}

@inproceedings{adiga2015synthetic,
  title={Synthetic populations for epidemic modeling},
  author={Adiga, Abhijin and Beckman, Richard and Bisset, Keith and Chen, Jiangzhuo and Chungbaek, Youngyun and Eubank, Stephen and Marathe, HS and Nordberg, E and Rivers, C and Stretz, P and others},
  booktitle={Proceedings of the International Conference on Computation and Social Sciences (ICCSS), Helsinki, Finland},
  pages={8--11},
  year={2015}
}

@article{adiga2017inferring,
  title={Inferring local transition functions of discrete dynamical systems from observations of system behavior},
  author={Adiga, Abhijin and Kuhlman, Chris J and Marathe, Madhav V and Ravi, SS and Rosenkrantz, Daniel J and Stearns, Richard E},
  journal={Theoretical Computer Science},
  volume={679},
  pages={126--144},
  year={2017},
  publisher={Elsevier}
}

@article{adiga2017activity,
  title={Activity in Boolean networks},
  author={Adiga, Abhijin and Galyean, Hilton and Kuhlman, Chris J and Levet, Michael and Mortveit, Henning S and Wu, Sichao},
  journal={Natural Computing},
  volume={16},
  pages={427--439},
  year={2017},
  publisher={Springer Netherlands}
}

@inproceedings{venkatramanan2016towards,
  title={Towards an integrated network-based approach to modeling the dynamics of invasive plant pests},
  author={Venkatramanan, Srinivasan and Adiga, Abhijin and Marathe, Achla and Eubank, Stephen and Marathe, Madhav and Muniappan, Rangaswamy},
  year={2016},
  organization={KDD}
}

@article{zhang2016near,
  title={Near-optimal algorithms for controlling propagation at group scale on networks},
  author={Zhang, Yao and Adiga, Abhijin and Saha, Sudip and Vullikanti, Anil and Prakash, B Aditya},
  journal={IEEE Transactions on Knowledge and Data Engineering},
  volume={28},
  number={12},
  pages={3339--3352},
  year={2016},
  publisher={IEEE}
}

@article{campos2017western,
  title={From the Western Palaearctic region to beyond: Tuta absoluta 10 years after invading Europe},
  author={Campos, Mateus R and Biondi, Antonio and Adiga, Abhijin and Guedes, Raul NC and Desneux, Nicolas},
  journal={Journal of Pest Science},
  volume={90},
  pages={787--796},
  year={2017},
  publisher={Springer Berlin Heidelberg}
}

@article{fayad2017monitoring,
  title={Monitoring the spread and management of Tuta absoluta.},
  author={Fayad, Amer and Adiga, Abhijin},
  journal={Current Science (00113891)},
  volume={113},
  number={5},
  year={2017}
}

@article{adiga2018disparities,
  title={Disparities in spread and control of influenza in slums of Delhi: findings from an agent-based modelling study},
  author={Adiga, Abhijin and Chu, Shuyu and Eubank, Stephen and Kuhlman, Christopher J and Lewis, Bryan and Marathe, Achla and Marathe, Madhav and Nordberg, Eric K and Swarup, Samarth and Vullikanti, Anil and others},
  journal={BMJ open},
  volume={8},
  number={1},
  pages={e017353},
  year={2018},
  publisher={British Medical Journal Publishing Group}
}

@inproceedings{venkatramanan2017towards,
  title={Towards robust models of food flows and their role in invasive species spread},
  author={Venkatramanan, Srinivasan and Wu, Sichao and Shi, Bowen and Marathe, Achla and Marathe, Madhav and Eubank, Stephen and Sah, Lalit P and Giri, AP and Colavito, Luke A and Nitin, KS and others},
  booktitle={2017 IEEE International Conference on Big Data (Big Data)},
  pages={435--444},
  year={2017},
  organization={IEEE}
}

@inproceedings{adiga2017k,
  title={A k-Median Based Online Algorithm for the Stochastic k-Server Problem},
  author={Adiga, Abhijin and Friedman, Alexander D and Raghvendra, Sharath},
  booktitle={International Workshop on Approximation and Online Algorithms},
  pages={176--189},
  year={2017},
  organization={Springer International Publishing Cham}
}

@article{ren2018generative,
  title={Generative Modeling of Human Behavior and Social Interactions Using Abductive Analysis},
  author={Ren, Yihui and Cedeno, Vanessa and Hu, Zhihao and Deng, Xinwei and Adiga, Abhijin and Contractor, Noshir and Epstein, Joshua and Goode, Brian and Korkmaz, Gizem and Kuhlman, Chris J and others},
  year={2018}
}

@inproceedings{adiga2018inferring,
  title={Inferring users' choice functions in networked social systems through active queries},
  author={Adiga, Abhijin and Kuhlman, C and Marathe, M and Ravi, S and Rosenkrantz, D and Stearns, D},
  booktitle={The 7th International Workshop on Computational Social Choice (COMSOC-2018)},
  year={2018}
}

@inproceedings{adiga2013route,
  title={Route stability in large-scale transportation systems},
  author={Adiga, Abhijin and Mortveit, Henning S and Wu, Sichao},
  booktitle={The Workshop on Multiagent Interaction Networks (MAIN), held in conjunction with AAMAS},
  pages={3--8},
  year={2013}
}

@inproceedings{adiga2018inferring,
  title={Inferring probabilistic contagion models over networks using active queries},
  author={Adiga, Abhijin and Cedeno-Mieles, Vanessa and Kuhlman, Chris J and Marathe, Madhav V and Ravi, SS and Rosenkrantz, Daniel J and Stearns, Richard E},
  booktitle={Proceedings of the 27th ACM International Conference on Information and Knowledge Management},
  pages={377--386},
  year={2018}
}

@inproceedings{nath2019using,
  title={Using network reliability to understand international food trade dynamics},
  author={Nath, Madhurima and Venkatramanan, Srinivasan and Kaperick, Bryan and Eubank, Stephen and Marathe, Madhav V and Marathe, Achla and Adiga, Abhijin},
  booktitle={Complex Networks and Their Applications VII: Volume 1 Proceedings The 7th International Conference on Complex Networks and Their Applications COMPLEX NETWORKS 2018 7},
  pages={524--535},
  year={2019},
  organization={Springer International Publishing}
}

@inproceedings{adiga2019using,
  title={Using Active Queries to Learn Local Stochastic Behaviors in Social Networks},
  author={Adiga, Abhijin and Kuhlman, Chris J and Marathe, Madhav V and Ravi, SS and Rosenkrantz, Daniel J and Stearns, Richard E},
  booktitle={Complex Networks and Their Applications VII: Volume 2 Proceedings The 7th International Conference on Complex Networks and Their Applications COMPLEX NETWORKS 2018 7},
  pages={246--257},
  year={2019},
  organization={Springer International Publishing}
}

@inproceedings{adiga2018learning,
  title={Learning the behavior of a dynamical system via a “20 questions” approach},
  author={Adiga, Abhijin and Kuhlman, Chris and Marathe, Madhav and SS, Ravi and Rosenkrantz, Daniel and Stearns, Richard},
  booktitle={Proceedings of the AAAI Conference on Artificial Intelligence},
  volume={32},
  number={1},
  year={2018}
}

@article{adiga2019graphical,
  title={Graphical dynamical systems and their applications to bio-social systems},
  author={Adiga, Abhijin and Kuhlman, Chris J and Marathe, Madhav V and Mortveit, Henning S and Ravi, SS and Vullikanti, Anil},
  journal={International Journal of Advances in Engineering Sciences and Applied Mathematics},
  volume={11},
  pages={153--171},
  year={2019},
  publisher={Springer India}
}

@inproceedings{adiga2010computing,
  title={Computing with cells: membrane systems},
  author={Adiga, Abhijin and Bhowmick, Diptendu and Chandran, L Sunil},
  booktitle={Proceedings of the 16th annual international conference on Computing and combinatorics},
  pages={2--2},
  year={2010}
}

@inproceedings{fox2019learning,
  title={Learning everywhere: Pervasive machine learning for effective high-performance computation},
  author={Fox, Geoffrey and Glazier, James A and Kadupitiya, JCS and Jadhao, Vikram and Kim, Minje and Qiu, Judy and Sluka, James P and Somogyi, Endre and Marathe, Madhav and Adiga, Abhijin and others},
  booktitle={2019 IEEE International Parallel and Distributed Processing Symposium Workshops (IPDPSW)},
  pages={422--429},
  year={2019},
  organization={IEEE}
}

@article{venkatramanan2020modeling,
  title={Modeling commodity flow in the context of invasive species spread: Study of Tuta absoluta in Nepal},
  author={Venkatramanan, S and Wu, S and Shi, B and Marathe, A and Marathe, M and Eubank, S and Sah, LP and Giri, AP and Colavito, LA and Nitin, KS and others},
  journal={Crop Protection},
  volume={135},
  pages={104736},
  year={2020},
  publisher={Elsevier}
}

@inproceedings{adiga2019pac,
  title={PAC learnability of node functions in networked dynamical systems},
  author={Adiga, Abhijin and Kuhlman, Chris J and Marathe, Madhav and Ravi, S and Vullikanti, Anil},
  booktitle={International Conference on Machine Learning},
  pages={82--91},
  year={2019},
  organization={PMLR}
}

@article{maharjan2019predicting,
  title={Predicting suitable habitat of an invasive weed Parthenium hysterophorus under future climate scenarios in Chitwan Annapurna Landscape, Nepal},
  author={Maharjan, Seerjana and Shrestha, Bharat Babu and Joshi, Mohan Dev and Devkota, Anjana and Muniappan, Rangaswamy and Adiga, Abhijin and Jha, Pramod Kumar},
  journal={Journal of Mountain Science},
  volume={16},
  number={10},
  pages={2243--2256},
  year={2019},
  publisher={Science Press}
}

@article{lenzeriniaike,
  title={AIKE 2019 Program Committee},
  author={Lenzerini, Maurizio and Gao, Shi and Nah, Yunmook and Adiga, Abhijin and Alonso-Betanzos, Amparo and Atzmueller, Martin and Atzori, Maurizio and Baralis, Elena and Ceri, Stefano and Chen, Muhao and others}
}

@article{mcnittsupplementary,
  title={Supplementary material: Assessing the Multi-pathway Threat from an Invasive Agricultural Pest: Tuta absoluta in Asia},
  author={McNitt, Joseph and Chungbaek, Young Yun and Mortveit, Henning and Marathe, Madhav and Campos, Mateus R and Desneux, Nicolas and Br{\'e}vault, Thierry and Muniappan, Rangaswamy and Adiga, Abhijin}
}

@inproceedings{adiga2020learning,
  title={Learning coalition-based interactions in networked social systems},
  author={Adiga, Abhijin and Kuhlman, Chris J and Marathe, Madhav V and Ravi, SS and Rosenkrantz, Daniel J and Stearns, Richard E and Vullikanti, Anil},
  booktitle={Association for the Advancement of Artificial Intelligence Conference 2020},
  year={2020}
}

@article{cedeno2020networked,
  title={Networked experiments and modeling for producing collective identity in a group of human subjects using an iterative abduction framework},
  author={Cedeno-Mieles, Vanessa and Hu, Zhihao and Ren, Yihui and Deng, Xinwei and Adiga, Abhijin and Barrett, Christopher and Contractor, Noshir and Ekanayake, Saliya and Epstein, Joshua M and Goode, Brian J and others},
  journal={Social Network Analysis and Mining},
  volume={10},
  pages={1--43},
  year={2020},
  publisher={Springer Vienna}
}

@inproceedings{cedeno2019mechanistic,
  title={Mechanistic and data-driven agent-based models to explain human behavior in online networked group anagram games},
  author={Cedeno-Mieles, Vanessa and Hu, Zhihao and Deng, Xinwei and Ren, Yihui and Adiga, Abhijin and Barrett, Christopher and Ekanayake, Saliya and Korkmaz, Gizem and Kuhlman, Chris J and Machi, Dustin and others},
  booktitle={Proceedings of the 2019 IEEE/ACM International Conference on Advances in Social Networks Analysis and Mining},
  pages={357--364},
  year={2019}
}

@inproceedings{hu2019modeling,
  title={On the modeling and agent-based simulation of a cooperative group anagram game},
  author={Hu, Zhihao and Deng, Xinwei and Goode, Brian J and Ramakrishnan, Naren and Saraf, Parang and Self, Nathan and Adiga, Abhijin and Korkmaz, Gizem and Kuhlman, Chris J and Machi, Dustin and others},
  booktitle={2019 Winter Simulation Conference (WSC)},
  pages={169--180},
  year={2019},
  organization={IEEE}
}

@inproceedings{adiga2019validating,
  title={Validating agent-based models of large networked systems},
  author={Adiga, Abhijin and Barrett, Chris and Eubank, Stephen and Kuhlman, Chris J and Marathe, Madhav V and Mortveit, Henning and Ravi, SS and Rosenkrantz, Daniel J and Stearns, Richard E and Swarup, Samarth and others},
  booktitle={2019 Winter Simulation Conference (WSC)},
  pages={2807--2818},
  year={2019},
  organization={IEEE}
}

@inproceedings{adiga2020bounds,
  title={Bounds and complexity results for learning coalition-based interaction functions in networked social systems},
  author={Adiga, Abhijin and Kuhlman, Chris and Marathe, Madhav and Ravi, S and Rosenkranz, Daniel and Stearns, Richard and Vullikanti, Anil},
  booktitle={Proceedings of the AAAI Conference on Artificial Intelligence},
  volume={34},
  number={04},
  pages={3138--3145},
  year={2020}
}

@techreport{adigacaitlin,
  title={Caitlin Rivers, Paula Stretz, Samarth Swarup, Amanda Wilson, and Dawen Xie. 2015. Generating a Synthetic Population of the United States},
  author={Adiga, Abhijin and Agashe, Aditya and Arifuzzaman, Shaikh and Barrett, Christopher L and Beckman, Richard J and Bisset, Keith R and Chen, Jiangzhuo and Chungbaek, Youngyun and Eubank, Stephen G and Gupta, Sandeep and others},
  institution={Technical Report NDSSL 15-009. Network Dynamics and Simulation Science~…}
}

@article{de2021thermal,
  title={Thermal biology of Tuta absoluta: demographic parameters and facultative diapause},
  author={de Campos, Mateus Ribeiro and B{\'e}arez, Philippe and Amiens-Desneux, Edwige and Ponti, Luigi and Gutierrez, Andrew Paul and Biondi, Antonio and Adiga, Abhijin and Desneux, Nicolas},
  journal={Journal of Pest Science},
  volume={94},
  number={3},
  pages={829--842},
  year={2021},
  publisher={Springer Berlin Heidelberg}
}

@article{mcnitt2019assessing,
  title={Assessing the multi-pathway threat from an invasive agricultural pest: Tuta absoluta in Asia},
  author={McNitt, Joseph and Chungbaek, Young Yun and Mortveit, Henning and Marathe, Madhav and Campos, Mateus R and Desneux, Nicolas and Br{\'e}vault, Thierry and Muniappan, Rangaswamy and Adiga, Abhijin},
  journal={Proceedings of the Royal Society B},
  volume={286},
  number={1913},
  pages={20191159},
  year={2019},
  publisher={The Royal Society}
}

@article{heinrichs2018pest,
  title={Pest risk assessment of the fall armyworm, Spodoptera frugiperda in Egypt},
  author={Heinrichs, EA and Sidhu, J and Muniappan, R and Fayad, A and Adiga, A and Marathe, A and Mcnitt, J and Venkatramanan, S},
  journal={Feed the Future. The US Government’s Global Hunger and Food Security Initiative},
  year={2018}
}

@article{poudel2020predicting,
  title={Predicting the current and future distribution of the invasive weed Ageratina adenophora in the Chitwan--Annapurna Landscape, Nepal},
  author={Poudel, Anju Sharma and Shrestha, Bharat Babu and Joshi, Mohan Dev and Muniappan, Rangaswamy and Adiga, Abhijin and Venkatramanan, Srinivasan and Jha, Pramod Kumar},
  journal={Mountain Research and Development},
  volume={40},
  number={2},
  pages={R61},
  year={2020},
  publisher={International Mountain Society}
}

@article{chen2021prioritizing,
  title={Prioritizing allocation of COVID-19 vaccines based on social contacts increases vaccination effectiveness},
  author={Chen, Jiangzhuo and Hoops, Stefan and Marathe, Achla and Mortveit, Henning and Lewis, Bryan and Venkatramanan, Srinivasan and Haddadan, Arash and Bhattacharya, Parantapa and Adiga, Abhijin and Vullikanti, Anil and others},
  journal={MedRxiv},
  pages={2021--02},
  year={2021},
  publisher={Cold Spring Harbor Laboratory Press}
}

@article{adigaaike,
  title={AIKE 2020},
  author={Adiga, Abhijin and Alonso-Betanzos, Amparo and Apiletti, Daniele and Atzmueller, Martin and Bansal, Srividya and Basile, Pierpaolo and Catania, Fabio and Cho, Isaac and Cho, Seong-Je and Choi, Lynn and others}
}

@inproceedings{adiga2020boolean,
  title={Boolean Games: Inferring Agents' Goals Using Taxation Queries},
  author={Adiga, Abhijin and Kraus, Sarit and Maksimov, Oleg and Ravi, S. S.},
  booktitle={Proceedings of the Twenty-Ninth International Joint Conference on Artificial Intelligence},
  pages={1585--1591},
  year={2020}
}

@inproceedings{hoops2021high,
  title={High performance agent-based modeling to study realistic contact tracing protocols},
  author={Hoops, Stefan and Chen, Jiangzhuo and Adiga, Abhijin and Lewis, Bryan and Mortveit, Henning and Baek, Hannah and Wilson, Mandy and Xie, Dawen and Swarup, Samarth and Venkatramanan, Srinivasan and others},
  booktitle={2021 Winter Simulation Conference (WSC)},
  pages={1--12},
  year={2021},
  organization={IEEE}
}

@article{adiga2021guest,
  title={Guest Editorial: Special Issue on Emerging Trends in Modeling and Analysis of Complex Systems},
  author={Adiga, Abhijin and Ravi, SS and Vullikanti, Anil},
  journal={Journal of the Indian Institute of Science},
  volume={101},
  number={3},
  pages={293--296},
  year={2021},
  publisher={Springer India New Delhi}
}

@inproceedings{bhattacharya2021ai,
  title={AI-driven agent-based models to study the role of vaccine acceptance in controlling COVID-19 spread in the US},
  author={Bhattacharya, Parantapa and Machi, Dustin and Chen, Jiangzhuo and Hoops, Stefan and Lewis, Bryan and Mortveit, Henning and Venkatramanan, Srinivasan and Wilson, Mandy L and Marathe, Achla and Porebski, Przemyslaw and others},
  booktitle={2021 IEEE International Conference on Big Data (Big Data)},
  pages={1566--1574},
  year={2021},
  organization={IEEE}
}

@inproceedings{adiga2022realistic,
  title={Realistic commodity flow networks to assess vulnerability of food systems},
  author={Adiga, Abhijin and Palmer, Nicholas and Sinha, Sanchit and Waghalter, Penina and Dave, Aniruddha and Lazarte, Daniel Perez and Br{\'e}vault, Thierry and Apolloni, Andrea and Mortveit, Henning and Baek, Young Yun and others},
  booktitle={Complex Networks \& Their Applications X: Volume 1, Proceedings of the Tenth International Conference on Complex Networks and Their Applications COMPLEX NETWORKS 2021 10},
  pages={168--179},
  year={2022},
  organization={Springer International Publishing}
}

@article{adiga2022network,
  title={Network models and simulation analytics for multi-scale dynamics of biological invasions},
  author={Adiga, Abhijin and Palmer, Nicholas and Baek, Young Yun and Mortveit, Henning and Ravi, SS},
  journal={Frontiers in big Data},
  volume={5},
  pages={796897},
  year={2022},
  publisher={Frontiers Media SA}
}

@inproceedings{trabelsi2022maximizing,
  title={Maximizing Resource Allocation Likelihood with Minimum Compromise},
  author={Trabelsi, Yohai and Adiga, Abhijin and Kraus, Sarit and Ravi, SS},
  booktitle={Proceedings of the 21st International Conference on Autonomous Agents and Multiagent Systems},
  pages={1738--1740},
  year={2022}
}

@inproceedings{chen2022effective,
  title={Effective social network-based allocation of COVID-19 vaccines},
  author={Chen, Jiangzhuo and Hoops, Stefan and Marathe, Achla and Mortveit, Henning and Lewis, Bryan and Venkatramanan, Srinivasan and Haddadan, Arash and Bhattacharya, Parantapa and Adiga, Abhijin and Vullikanti, Anil and others},
  booktitle={Proceedings of the 28th ACM SIGKDD Conference on Knowledge Discovery and Data Mining},
  pages={4675--4683},
  year={2022}
}

@article{eubank2022perturbative,
  title={Perturbative methods for mostly monotonic probabilistic satisfiability problems},
  author={Eubank, Stephen and Nath, Madhurima and Ren, Yihui and Adiga, Abhijin},
  journal={arXiv preprint arXiv:2206.03550},
  year={2022}
}

@article{fox2019learning,
  title={Learning Everywhere: Pervasive machine learning for effective High-Performance computation: Application background},
  author={Fox, Geoffrey and Glazier, James A and Kadupitiya, JCS and Jadhao, Vikram and Kim, Minje and Qiu, Judy and Sluka, James P and Somogyi, Endre and Marathe, Madhav and Adiga, Abhijin and others},
  journal={Technical report, Indiana University},
  year={2019}
}

@inproceedings{rosenkrantz2022efficiently,
  title={Efficiently learning the topology and behavior of a networked dynamical system via active queries},
  author={Rosenkrantz, Daniel J and Adiga, Abhijin and Marathe, Madhav and Qiu, Zirou and Ravi, SS and Stearns, Richard and Vullikanti, Anil},
  booktitle={International Conference on Machine Learning},
  pages={18796--18808},
  year={2022},
  organization={PMLR}
}

@inproceedings{trabelsi2022resource,
  title={Resource allocation to agents with restrictions: Maximizing likelihood with minimum compromise},
  author={Trabelsi, Yohai and Adiga, Abhijin and Kraus, Sarit and Ravi, SS},
  booktitle={European Conference on Multi-Agent Systems},
  pages={403--420},
  year={2022},
  organization={Springer International Publishing Cham}
}

@article{adiga2022using,
  title={Using active queries to infer symmetric node functions of graph dynamical systems},
  author={Adiga, Abhijin and Kuhlman, Chris J and Marathe, Madhav V and Ravi, SS and Rosenkrantz, Daniel J and Stearns, Richard E},
  journal={Journal of Machine Learning Research},
  volume={23},
  number={251},
  pages={1--43},
  year={2022}
}

@misc{chen2022effective,
  title={Effective Social Network-Based Allocation of COVID-19 Vaccines-Supplementary Information},
  author={Chen, Jiangzhuo and Hoops, Stefan and Marathe, Achla and Mortveit, Henning and Lewis, Bryan and Venkatramanan, Srinivasan and Haddadan, Arash and Bhattacharya, Parantapa and Adiga, Abhijin and Vullikanti, Anil and others},
  year={2022}
}

@article{bhattacharya2023data,
  title={Data-driven scalable pipeline using national agent-based models for real-time pandemic response and decision support},
  author={Bhattacharya, Parantapa and Chen, Jiangzhuo and Hoops, Stefan and Machi, Dustin and Lewis, Bryan and Venkatramanan, Srinivasan and Wilson, Mandy L and Klahn, Brian and Adiga, Aniruddha and Hurt, Benjamin and others},
  journal={The International Journal of High Performance Computing Applications},
  volume={37},
  number={1},
  pages={4--27},
  year={2023},
  publisher={SAGE Publications Sage UK: London, England}
}

@inproceedings{trabelsi2023resource,
  title={Resource sharing through multi-round matchings},
  author={Trabelsi, Yohai and Adiga, Abhijin and Kraus, Sarit and Ravi, SS and Rosenkrantz, Daniel J},
  booktitle={Proceedings of the AAAI Conference on Artificial Intelligence},
  volume={37},
  number={10},
  pages={11681--11690},
  year={2023}
}

@article{adiga2015generating,
  title={Generating a synthetic population of the United States},
  author={Adiga, Abhijin and Agashe, Aditya and Arifuzzaman, Shaikh and Barrett, Christopher L and Beckman, Richard J and Bisset, Keith R and Chen, Jiangzhuo and Chungbaek, Youngyun and Eubank, Stephen G and Gupta, Sandeep and others},
  journal={Network Dynamics and Simulation Science Laboratory, Tech. Rep. NDSSL},
  pages={15--009},
  year={2015}
}

@inproceedings{mishra2022community,
  title={Community detection using Moore-Shannon network reliability: application to food networks},
  author={Mishra, Ritwick and Eubank, Stephen and Nath, Madhurima and Amundsen, Manu and Adiga, Abhijin},
  booktitle={International Conference on Complex Networks and Their Applications},
  pages={271--282},
  year={2022},
  organization={Springer International Publishing Cham}
}

@inproceedings{mishra2023reconstructing,
  title={Reconstructing an epidemic outbreak using steiner connectivity},
  author={Mishra, Ritwick and Heavey, Jack and Kaur, Gursharn and Adiga, Abhijin and Vullikanti, Anil},
  booktitle={Proceedings of the AAAI Conference on Artificial Intelligence},
  volume={37},
  number={10},
  pages={11613--11620},
  year={2023}
}

@inproceedings{ferdousi2023machine,
  title={A Machine Learning Framework to Explain Complex Geospatial Simulations: A Climate Change Case Study},
  author={Ferdousi, Tanvir and Adiga, Abhijin and Wilson, Mandy and Ravi, SS and Vullikanti, Anil and Marathe, Madhav V and Swarup, Samarth and Liu, Mingliang and Rajagopalan, Kirti and Adam, Jennifer},
  booktitle={2023 Winter Simulation Conference (WSC)},
  pages={2990--3001},
  year={2023},
  organization={IEEE}
}

@inproceedings{harrison2023identifying,
  title={Identifying Complicated Contagion Scenarios from Cascade Data},
  author={Harrison, Galen and Alabsi Aljundi, Amro and Chen, Jiangzhuo and Ravi, SS and Vullikanti, Anil Kumar and Marathe, Madhav V and Adiga, Abhijin},
  booktitle={Proceedings of the 29th ACM SIGKDD Conference on Knowledge Discovery and Data Mining},
  pages={4135--4145},
  year={2023}
}

@article{moon2023graph,
  title={A Graph Based Deep Learning Framework for Predicting Spatio-Temporal Vaccine Hesitancy},
  author={Moon, Sifat Afroj and Datta, Rituparna and Ferdousi, Tanvir and Baek, Hannah and Adiga, Abhijin and Marathe, Achla and Vullikanti, Anil},
  journal={medRxiv},
  pages={2023--10},
  year={2023},
  publisher={Cold Spring Harbor Laboratory Press}
}

@article{sa2023graph,
  title={A Graph Based Deep Learning Framework for Predicting Spatio-Temporal Vaccine Hesitancy},
  author={Sa, Moon and Datta, R and Ferdousi, T and Baek, H and Adiga, A and Marathe, A and Vullikanti, A},
  year={2023}
}

@inproceedings{qiu2024learning,
  title={Learning the topology and behavior of discrete dynamical systems},
  author={Qiu, Zirou and Adiga, Abhijin and Marathe, Madhav V and Ravi, SS and Rosenkrantz, Daniel J and Stearns, Richard E and Vullikanti, Anil},
  booktitle={Proceedings of the AAAI Conference on Artificial Intelligence},
  volume={38},
  number={13},
  pages={14722--14730},
  year={2024}
}

@inproceedings{aljundi2023network,
  title={A Network-based Analytics Framework for High-Resolution Agent-based Epidemic Simulation Ensembles},
  author={Aljundi, Amro Alabsi and Harrison, Galen and Chen, Jiangzhuo and Marathe, Madhav V and Mortveit, Henning and Vullikanti, Anil and Adiga, Abhijin},
  booktitle={2023 Winter Simulation Conference (WSC)},
  pages={3741--3752},
  year={2023},
  organization={IEEE}
}

@inproceedings{adiga2024value,
  title={Value-based Resource Matching with Fairness Criteria: Application to Agricultural Water Trading},
  author={Adiga, Abhijin and Trabelsi, Yohai and Ferdousi, Tanvir and Marathe, Madhav and Ravi, SS and Swarup, Samarth and Vullikanti, Anil Kumar and Wilson, Mandy L and Kraus, Sarit and Basu, Reetwika and others},
  booktitle={AAMAS},
  pages={13--21},
  year={2024}
}

@article{qiu2024efficient,
  title={Efficient PAC learnability of dynamical systems over multilayer networks},
  author={Qiu, Zirou and Adiga, Abhijin and Marathe, Madhav V and Ravi, SS and Rosenkrantz, Daniel J and Stearns, Richard E and Vullikanti, Anil},
  journal={arXiv preprint arXiv:2405.06884},
  year={2024}
}

@inproceedings{hoque2024irrnet,
  title={IrrNet: Advancing Irrigation Mapping with Incremental Patch Size Training on Remote Sensing Imagery},
  author={Hoque, Oishee Bintey and Swarup, Samarth and Adiga, Abhijin and Nouwakpo, Sayjro Kossi and Marathe, Madhav},
  booktitle={Proceedings of the IEEE/CVF Conference on Computer Vision and Pattern Recognition},
  pages={5460--5469},
  year={2024}
}

@article{bintey2024irrnet,
  title={IrrNet: Advancing Irrigation Mapping with Incremental Patch Size Training on Remote Sensing Imagery},
  author={Bintey Hoque, Oishee and Swarup, Samarth and Adiga, Abhijin and Kossi Nouwakpo, Sayjro and Marathe, Madhav},
  journal={arXiv e-prints},
  pages={arXiv--2404},
  year={2024}
}

@article{bhattacharya2024novel,
  title={Novel multi-cluster workflow system to support real-time HPC-enabled epidemic science: Investigating the impact of vaccine acceptance on COVID-19 spread},
  author={Bhattacharya, Parantapa and Machi, Dustin and Chen, Jiangzhuo and Hoops, Stefan and Lewis, Bryan and Mortveit, Henning and Venkatramanan, Srinivasan and Wilson, Mandy L and Marathe, Achla and Porebski, Przemyslaw and others},
  journal={Journal of Parallel and Distributed Computing},
  volume={191},
  pages={104899},
  year={2024},
  publisher={Academic Press}
}

@article{chen2024role,
  title={Role of heterogeneity: National scale data-driven agent-based modeling for the US COVID-19 Scenario Modeling Hub},
  author={Chen, Jiangzhuo and Bhattacharya, Parantapa and Hoops, Stefan and Machi, Dustin and Adiga, Abhijin and Mortveit, Henning and Venkatramanan, Srinivasan and Lewis, Bryan and Marathe, Madhav},
  journal={Epidemics},
  volume={48},
  pages={100779},
  year={2024},
  publisher={Elsevier}
}

@article{adigaunderstanding,
  title={UNDERSTANDING THE ROLE OF SEASONAL FOOD TRADE NETWORKS IN INVASIVE SPECIES SPREAD},
  author={Adiga, A and Venkatramanan, S and Wu, S and Marathe, M and Eubank, S and Sah, LP and Giri, AP and Colavito, LA and Muniappan, R}
}

@article{adigainferring,
  title={INFERRING DYNAMICAL SYSTEMS THROUGH ACTIVE QUERIES},
  author={Adiga, Abhijin and Kuhlman, Chris J and Marathe, Madhav V and Ravi, SS and Rosenkrantz, Daniel J and Stearns, Richard E}
}

@article{adiga2024high,
  title={A High-Resolution, US-scale Digital Similar of Interacting Livestock, Wild Birds, and Human Ecosystems with Applications to Multi-host Epidemic Spread},
  author={Adiga, Abhijin and Chopra, Ayush and Wilson, Mandy L and Ravi, SS and Xie, Dawen and Swarup, Samarth and Lewis, Bryan and Barnes, John and Raskar, Ramesh and Marathe, Madhav V},
  journal={arXiv preprint arXiv:2411.01386},
  year={2024}
}

@article{adiga2024value,
  title={Value-based Resource Matching with Fairness Criteria: Application to Agricultural Water Trading},
  author={Adiga, Abhijin and Trabelsi, Yohai and Ferdousi, Tanvir and Marathe, Madhav and Ravi, SS and Swarup, Samarth and Vullikanti, Anil Kumar and Wilson, Mandy L and Kraus, Sarit and Basu, Reetwika and others},
  journal={arXiv preprint arXiv:2402.06576},
  year={2024}
}

@inproceedings{fox2025unifying,
  title={A Unifying Information-theoretic Perspective on Evaluating Generative Models},
  author={Fox, Alexis and Swarup, Samarth and Adiga, Abhijin},
  booktitle={Proceedings of the AAAI Conference on Artificial Intelligence},
  volume={39},
  number={16},
  pages={16630--16638},
  year={2025}
}

@article{de2021thermal,
  title={Thermal biology of Tuta absoluta: demographic parameters and facultative diapause (October, 10.1007/s10340-020-01286-8, 2020)},
  author={de Campos, Mateus Ribeiro and Bearez, Philippe and Amiens-Desneux, Edwige and Ponti, Luigi and Gutierrez, Andrew Paul and Biondi, Antonio and Adiga, Abhijin and Desneux, Nicolas},
  journal={JOURNAL OF PEST SCIENCE},
  volume={94},
  number={3},
  pages={843--844},
  year={2021},
  publisher={SPRINGER HEIDELBERG TIERGARTENSTRASSE 17, D-69121 HEIDELBERG, GERMANY}
}

@article{qiulearnability,
  title={Learnability of Discrete Dynamical Systems under High Classification Noise},
  author={Qiu, Zirou and Mehrab, Zakaria and Adiga, Abhijin and Marathe, Madhav and Ravi, SS and Rosenkrantz, Daniel and Stearns, Richard and Vullikanti, Anil Kumar}
}

@article{moon2025graph,
  title={Graph-based Prediction of Spatio-Temporal Vaccine Hesitancy from Insurance Claims Data},
  author={Moon, Sifat Afroj and Datta, Rituparna and Ferdousi, Tanvir and Baek, Hannah and Adiga, Abhijin and Marathe, Achla and Vullikanti, Anil},
  journal={IEEE Access},
  year={2025},
  publisher={IEEE}
}
